<record><leader>00000cas a22000007a 4500</leader><controlfield tag="001">9357035</controlfield><controlfield tag="008">830329d18861904ksuwr ne      0    0eng d</controlfield><controlfield tag="009">3789</controlfield><datafield ind1=" " ind2=" " tag="010"><subfield code="a">sn 83040034 </subfield></datafield><datafield ind1=" " ind2=" " tag="040"><subfield code="a">KSH</subfield><subfield code="b">eng</subfield><subfield code="c">KSH</subfield><subfield code="d">NPT</subfield></datafield><datafield ind1="1" ind2=" " tag="029"><subfield code="a">AU@</subfield><subfield code="b">000025788521</subfield></datafield><datafield ind1=" " ind2=" " tag="042"><subfield code="a">msc</subfield></datafield><datafield ind1=" " ind2=" " tag="043"><subfield code="a">n-us-ks</subfield></datafield><datafield ind1="0" ind2="4" tag="245"><subfield code="a">The Garnett eagle.</subfield></datafield><datafield ind1=" " ind2=" " tag="260"><subfield code="a">Garnett, Kan. :</subfield><subfield code="b">[J.W. Richardson],</subfield><subfield code="c">1886-1904.</subfield></datafield><datafield ind1=" " ind2=" " tag="300"><subfield code="a">18 v. :</subfield><subfield code="b">ill. (chiefly advertisements) ;</subfield><subfield code="c">65 cm.</subfield></datafield><datafield ind1=" " ind2=" " tag="310"><subfield code="a">Weekly</subfield></datafield><datafield ind1="0" ind2=" " tag="362"><subfield code="a">Vol. 2, no. 2 (July 9, 1886)-v. 19, no. 41 (March 25, 1904).</subfield></datafield><datafield ind1=" " ind2=" " tag="500"><subfield code="a">Editor: J.W. Richardson.</subfield></datafield><datafield ind1="1" ind2=" " tag="700"><subfield code="a">Richardson, J. W.</subfield></datafield><datafield ind1=" " ind2=" " tag="752"><subfield code="a">United States</subfield><subfield code="b">Kansas</subfield><subfield code="c">Anderson</subfield><subfield code="d">Garnett.</subfield></datafield><datafield ind1="0" ind2="0" tag="780"><subfield code="t">Anderson County democrat</subfield><subfield code="w">(DLC)sn 83040028</subfield></datafield><datafield ind1="0" ind2="7" tag="785"><subfield code="t">Garnett plaindealer and Anderson County republican</subfield><subfield code="w">(DLC)sn 83040023</subfield></datafield><datafield ind1="0" ind2="7" tag="785"><subfield code="t">Garnett eagle-plaindealer</subfield><subfield code="w">(DLC)sn 83040024</subfield></datafield></record>